%YAML 1.1
%TAG !u! tag:unity3d.com,2011:
--- !u!1 &985146220740274990
GameObject:
  m_ObjectHideFlags: 0
  m_CorrespondingSourceObject: {fileID: 0}
  m_PrefabInstance: {fileID: 0}
  m_PrefabAsset: {fileID: 0}
  serializedVersion: 6
  m_Component:
  - component: {fileID: 8152415711079742058}
  - component: {fileID: 4620261767085551235}
  m_Layer: 0
  m_Name: Rifle
  m_TagString: Untagged
  m_Icon: {fileID: 0}
  m_NavMeshLayer: 0
  m_StaticEditorFlags: 0
  m_IsActive: 1
--- !u!4 &8152415711079742058
Transform:
  m_ObjectHideFlags: 0
  m_CorrespondingSourceObject: {fileID: 0}
  m_PrefabInstance: {fileID: 0}
  m_PrefabAsset: {fileID: 0}
  m_GameObject: {fileID: 985146220740274990}
  m_LocalRotation: {x: 0, y: 0, z: 0, w: 1}
  m_LocalPosition: {x: 0, y: 0, z: 0}
  m_LocalScale: {x: 1, y: 1, z: 1}
  m_Children:
  - {fileID: 5447427001018003542}
  - {fileID: 972219854788579261}
  m_Father: {fileID: 0}
  m_RootOrder: 0
  m_LocalEulerAnglesHint: {x: 0, y: 0, z: 0}
--- !u!114 &4620261767085551235
MonoBehaviour:
  m_ObjectHideFlags: 0
  m_CorrespondingSourceObject: {fileID: 0}
  m_PrefabInstance: {fileID: 0}
  m_PrefabAsset: {fileID: 0}
  m_GameObject: {fileID: 985146220740274990}
  m_Enabled: 1
  m_EditorHideFlags: 0
  m_Script: {fileID: 11500000, guid: 68274df7678b52f4897b0dd9cfbeaadd, type: 3}
  m_Name: 
  m_EditorClassIdentifier: 
  weaponName: Rifle
  gunDamage: 35
  timeBetweenSeries: 1
  spreadAngle: 0
  range: 50
  reloadTime: 2
  timeBetweenShoot: 0
  bulletSpeed: 20
  magazineSize: 8
  bulletsPerTap: 1
  allowButtonHold: 1
  bulletPrefab: {fileID: 5747556793845507313, guid: f7b4e413584d186468108a5e183f557b,
    type: 3}
  shootingPoint: {fileID: 5447427001018003542}
  muzzleFlash: {fileID: 0}
  bulletHole: {fileID: 0}
--- !u!1 &7014845242797861472
GameObject:
  m_ObjectHideFlags: 0
  m_CorrespondingSourceObject: {fileID: 0}
  m_PrefabInstance: {fileID: 0}
  m_PrefabAsset: {fileID: 0}
  serializedVersion: 6
  m_Component:
  - component: {fileID: 5447427001018003542}
  m_Layer: 0
  m_Name: AttackPoint
  m_TagString: Untagged
  m_Icon: {fileID: 0}
  m_NavMeshLayer: 0
  m_StaticEditorFlags: 0
  m_IsActive: 1
--- !u!4 &5447427001018003542
Transform:
  m_ObjectHideFlags: 0
  m_CorrespondingSourceObject: {fileID: 0}
  m_PrefabInstance: {fileID: 0}
  m_PrefabAsset: {fileID: 0}
  m_GameObject: {fileID: 7014845242797861472}
  m_LocalRotation: {x: 0, y: 0, z: 0, w: 1}
  m_LocalPosition: {x: -0.056, y: 0, z: 0.2}
  m_LocalScale: {x: 1, y: 1, z: 1}
  m_Children: []
  m_Father: {fileID: 8152415711079742058}
  m_RootOrder: 0
  m_LocalEulerAnglesHint: {x: 0, y: 0, z: 0}
--- !u!1001 &8717767941136017328
PrefabInstance:
  m_ObjectHideFlags: 0
  serializedVersion: 2
  m_Modification:
    m_TransformParent: {fileID: 8152415711079742058}
    m_Modifications:
    - target: {fileID: 8468384742900901901, guid: 81d9151c3f1798042b4e4d45ad8b85d4,
        type: 3}
      propertyPath: m_LocalPosition.x
      value: -0
      objectReference: {fileID: 0}
    - target: {fileID: 8468384742900901901, guid: 81d9151c3f1798042b4e4d45ad8b85d4,
        type: 3}
      propertyPath: m_LocalPosition.y
      value: 0
      objectReference: {fileID: 0}
    - target: {fileID: 8468384742900901901, guid: 81d9151c3f1798042b4e4d45ad8b85d4,
        type: 3}
      propertyPath: m_LocalPosition.z
      value: 0
      objectReference: {fileID: 0}
    - target: {fileID: 8468384742900901901, guid: 81d9151c3f1798042b4e4d45ad8b85d4,
        type: 3}
      propertyPath: m_LocalRotation.x
      value: 0
      objectReference: {fileID: 0}
    - target: {fileID: 8468384742900901901, guid: 81d9151c3f1798042b4e4d45ad8b85d4,
        type: 3}
      propertyPath: m_LocalRotation.y
      value: -0
      objectReference: {fileID: 0}
    - target: {fileID: 8468384742900901901, guid: 81d9151c3f1798042b4e4d45ad8b85d4,
        type: 3}
      propertyPath: m_LocalRotation.z
      value: -0
      objectReference: {fileID: 0}
    - target: {fileID: 8468384742900901901, guid: 81d9151c3f1798042b4e4d45ad8b85d4,
        type: 3}
      propertyPath: m_LocalRotation.w
      value: 1
      objectReference: {fileID: 0}
    - target: {fileID: 8468384742900901901, guid: 81d9151c3f1798042b4e4d45ad8b85d4,
        type: 3}
      propertyPath: m_RootOrder
      value: 1
      objectReference: {fileID: 0}
    - target: {fileID: 8468384742900901901, guid: 81d9151c3f1798042b4e4d45ad8b85d4,
        type: 3}
      propertyPath: m_LocalEulerAnglesHint.x
      value: 0
      objectReference: {fileID: 0}
    - target: {fileID: 8468384742900901901, guid: 81d9151c3f1798042b4e4d45ad8b85d4,
        type: 3}
      propertyPath: m_LocalEulerAnglesHint.y
      value: 0
      objectReference: {fileID: 0}
    - target: {fileID: 8468384742900901901, guid: 81d9151c3f1798042b4e4d45ad8b85d4,
        type: 3}
      propertyPath: m_LocalEulerAnglesHint.z
      value: 0
      objectReference: {fileID: 0}
    - target: {fileID: 9137363439839244983, guid: 81d9151c3f1798042b4e4d45ad8b85d4,
        type: 3}
      propertyPath: m_Name
      value: Rifle
      objectReference: {fileID: 0}
    m_RemovedComponents: []
  m_SourcePrefab: {fileID: 100100000, guid: 81d9151c3f1798042b4e4d45ad8b85d4, type: 3}
--- !u!4 &972219854788579261 stripped
Transform:
  m_CorrespondingSourceObject: {fileID: 8468384742900901901, guid: 81d9151c3f1798042b4e4d45ad8b85d4,
    type: 3}
  m_PrefabInstance: {fileID: 8717767941136017328}
  m_PrefabAsset: {fileID: 0}
