%YAML 1.1
%TAG !u! tag:unity3d.com,2011:
--- !u!1 &6516111676396274823
GameObject:
  m_ObjectHideFlags: 0
  m_CorrespondingSourceObject: {fileID: 0}
  m_PrefabInstance: {fileID: 0}
  m_PrefabAsset: {fileID: 0}
  serializedVersion: 6
  m_Component:
  - component: {fileID: 8853655109343633918}
  m_Layer: 0
  m_Name: AttackPoint
  m_TagString: Untagged
  m_Icon: {fileID: 0}
  m_NavMeshLayer: 0
  m_StaticEditorFlags: 0
  m_IsActive: 1
--- !u!4 &8853655109343633918
Transform:
  m_ObjectHideFlags: 0
  m_CorrespondingSourceObject: {fileID: 0}
  m_PrefabInstance: {fileID: 0}
  m_PrefabAsset: {fileID: 0}
  m_GameObject: {fileID: 6516111676396274823}
  m_LocalRotation: {x: 0, y: 0, z: 0, w: 1}
  m_LocalPosition: {x: -0.066, y: 0, z: 0.2}
  m_LocalScale: {x: 1, y: 1, z: 1}
  m_Children: []
  m_Father: {fileID: 8224794159098288902}
  m_RootOrder: 0
  m_LocalEulerAnglesHint: {x: 0, y: 0, z: 0}
--- !u!1 &8439751356290688671
GameObject:
  m_ObjectHideFlags: 0
  m_CorrespondingSourceObject: {fileID: 0}
  m_PrefabInstance: {fileID: 0}
  m_PrefabAsset: {fileID: 0}
  serializedVersion: 6
  m_Component:
  - component: {fileID: 8224794159098288902}
  - component: {fileID: 697226939480026751}
  m_Layer: 0
  m_Name: Shotgun
  m_TagString: Untagged
  m_Icon: {fileID: 0}
  m_NavMeshLayer: 0
  m_StaticEditorFlags: 0
  m_IsActive: 1
--- !u!4 &8224794159098288902
Transform:
  m_ObjectHideFlags: 0
  m_CorrespondingSourceObject: {fileID: 0}
  m_PrefabInstance: {fileID: 0}
  m_PrefabAsset: {fileID: 0}
  m_GameObject: {fileID: 8439751356290688671}
  m_LocalRotation: {x: 0, y: 0, z: 0, w: 1}
  m_LocalPosition: {x: 0, y: 0, z: 0}
  m_LocalScale: {x: 1, y: 1, z: 1}
  m_Children:
  - {fileID: 8853655109343633918}
  - {fileID: 781546956252038037}
  m_Father: {fileID: 0}
  m_RootOrder: 0
  m_LocalEulerAnglesHint: {x: 0, y: 0, z: 0}
--- !u!114 &697226939480026751
MonoBehaviour:
  m_ObjectHideFlags: 0
  m_CorrespondingSourceObject: {fileID: 0}
  m_PrefabInstance: {fileID: 0}
  m_PrefabAsset: {fileID: 0}
  m_GameObject: {fileID: 8439751356290688671}
  m_Enabled: 1
  m_EditorHideFlags: 0
  m_Script: {fileID: 11500000, guid: 68274df7678b52f4897b0dd9cfbeaadd, type: 3}
  m_Name: 
  m_EditorClassIdentifier: 
  weaponName: Shotgun
  gunDamage: 20
  timeBetweenSeries: 2
  spreadAngle: 15
  range: 8
  reloadTime: 3
  timeBetweenShoot: 0
  bulletSpeed: 15
  magazineSize: 20
  bulletsPerTap: 5
  allowButtonHold: 0
  bulletPrefab: {fileID: 5747556793845507313, guid: f7b4e413584d186468108a5e183f557b,
    type: 3}
  shootingPoint: {fileID: 8853655109343633918}
  muzzleFlash: {fileID: 0}
  bulletHole: {fileID: 0}
--- !u!1001 &993072376450617313
PrefabInstance:
  m_ObjectHideFlags: 0
  serializedVersion: 2
  m_Modification:
    m_TransformParent: {fileID: 8224794159098288902}
    m_Modifications:
    - target: {fileID: 509054918228135028, guid: 46e26d6c3ed2e964b85c855541c599b7,
        type: 3}
      propertyPath: m_LocalPosition.x
      value: -0
      objectReference: {fileID: 0}
    - target: {fileID: 509054918228135028, guid: 46e26d6c3ed2e964b85c855541c599b7,
        type: 3}
      propertyPath: m_LocalPosition.y
      value: 0
      objectReference: {fileID: 0}
    - target: {fileID: 509054918228135028, guid: 46e26d6c3ed2e964b85c855541c599b7,
        type: 3}
      propertyPath: m_LocalPosition.z
      value: 0
      objectReference: {fileID: 0}
    - target: {fileID: 509054918228135028, guid: 46e26d6c3ed2e964b85c855541c599b7,
        type: 3}
      propertyPath: m_LocalRotation.x
      value: 0
      objectReference: {fileID: 0}
    - target: {fileID: 509054918228135028, guid: 46e26d6c3ed2e964b85c855541c599b7,
        type: 3}
      propertyPath: m_LocalRotation.y
      value: -0
      objectReference: {fileID: 0}
    - target: {fileID: 509054918228135028, guid: 46e26d6c3ed2e964b85c855541c599b7,
        type: 3}
      propertyPath: m_LocalRotation.z
      value: -0
      objectReference: {fileID: 0}
    - target: {fileID: 509054918228135028, guid: 46e26d6c3ed2e964b85c855541c599b7,
        type: 3}
      propertyPath: m_LocalRotation.w
      value: 1
      objectReference: {fileID: 0}
    - target: {fileID: 509054918228135028, guid: 46e26d6c3ed2e964b85c855541c599b7,
        type: 3}
      propertyPath: m_RootOrder
      value: 1
      objectReference: {fileID: 0}
    - target: {fileID: 509054918228135028, guid: 46e26d6c3ed2e964b85c855541c599b7,
        type: 3}
      propertyPath: m_LocalEulerAnglesHint.x
      value: 0
      objectReference: {fileID: 0}
    - target: {fileID: 509054918228135028, guid: 46e26d6c3ed2e964b85c855541c599b7,
        type: 3}
      propertyPath: m_LocalEulerAnglesHint.y
      value: 0
      objectReference: {fileID: 0}
    - target: {fileID: 509054918228135028, guid: 46e26d6c3ed2e964b85c855541c599b7,
        type: 3}
      propertyPath: m_LocalEulerAnglesHint.z
      value: 0
      objectReference: {fileID: 0}
    - target: {fileID: 890400376926705358, guid: 46e26d6c3ed2e964b85c855541c599b7,
        type: 3}
      propertyPath: m_Name
      value: Shotgun
      objectReference: {fileID: 0}
    m_RemovedComponents: []
  m_SourcePrefab: {fileID: 100100000, guid: 46e26d6c3ed2e964b85c855541c599b7, type: 3}
--- !u!4 &781546956252038037 stripped
Transform:
  m_CorrespondingSourceObject: {fileID: 509054918228135028, guid: 46e26d6c3ed2e964b85c855541c599b7,
    type: 3}
  m_PrefabInstance: {fileID: 993072376450617313}
  m_PrefabAsset: {fileID: 0}
