%YAML 1.1
%TAG !u! tag:unity3d.com,2011:
--- !u!1 &4932389693784156981
GameObject:
  m_ObjectHideFlags: 0
  m_CorrespondingSourceObject: {fileID: 0}
  m_PrefabInstance: {fileID: 0}
  m_PrefabAsset: {fileID: 0}
  serializedVersion: 6
  m_Component:
  - component: {fileID: 5708469653659791759}
  - component: {fileID: 8689507958367862314}
  - component: {fileID: 6878019430503336672}
  - component: {fileID: 4932389693784156978}
  - component: {fileID: 5839669713326272572}
  m_Layer: 0
  m_Name: FirePlaceOne
  m_TagString: Stage
  m_Icon: {fileID: 0}
  m_NavMeshLayer: 0
  m_StaticEditorFlags: 4294967295
  m_IsActive: 1
--- !u!4 &5708469653659791759
Transform:
  m_ObjectHideFlags: 0
  m_CorrespondingSourceObject: {fileID: 0}
  m_PrefabInstance: {fileID: 0}
  m_PrefabAsset: {fileID: 0}
  m_GameObject: {fileID: 4932389693784156981}
  m_LocalRotation: {x: 0, y: -0, z: -0, w: 1}
  m_LocalPosition: {x: -0, y: 0, z: 0}
  m_LocalScale: {x: 1, y: 1, z: 1}
  m_Children:
  - {fileID: 168786104653902983}
  m_Father: {fileID: 0}
  m_RootOrder: 0
  m_LocalEulerAnglesHint: {x: 0, y: 0, z: 0}
--- !u!33 &8689507958367862314
MeshFilter:
  m_ObjectHideFlags: 0
  m_CorrespondingSourceObject: {fileID: 0}
  m_PrefabInstance: {fileID: 0}
  m_PrefabAsset: {fileID: 0}
  m_GameObject: {fileID: 4932389693784156981}
  m_Mesh: {fileID: -4244351689826162610, guid: 565eaa9765902bc478039c6438bba0cb, type: 3}
--- !u!23 &6878019430503336672
MeshRenderer:
  m_ObjectHideFlags: 0
  m_CorrespondingSourceObject: {fileID: 0}
  m_PrefabInstance: {fileID: 0}
  m_PrefabAsset: {fileID: 0}
  m_GameObject: {fileID: 4932389693784156981}
  m_Enabled: 1
  m_CastShadows: 2
  m_ReceiveShadows: 1
  m_DynamicOccludee: 1
  m_MotionVectors: 1
  m_LightProbeUsage: 1
  m_ReflectionProbeUsage: 1
  m_RayTracingMode: 2
  m_RenderingLayerMask: 1
  m_RendererPriority: 0
  m_Materials:
  - {fileID: 2100000, guid: 257ff1fc1706c0b4aaabfc1456379206, type: 2}
  m_StaticBatchInfo:
    firstSubMesh: 0
    subMeshCount: 0
  m_StaticBatchRoot: {fileID: 0}
  m_ProbeAnchor: {fileID: 0}
  m_LightProbeVolumeOverride: {fileID: 0}
  m_ScaleInLightmap: 1
  m_ReceiveGI: 1
  m_PreserveUVs: 0
  m_IgnoreNormalsForChartDetection: 0
  m_ImportantGI: 0
  m_StitchLightmapSeams: 1
  m_SelectedEditorRenderState: 3
  m_MinimumChartSize: 4
  m_AutoUVMaxDistance: 0.5
  m_AutoUVMaxAngle: 89
  m_LightmapParameters: {fileID: 0}
  m_SortingLayerID: 0
  m_SortingLayer: 0
  m_SortingOrder: 0
--- !u!65 &4932389693784156978
BoxCollider:
  m_ObjectHideFlags: 0
  m_CorrespondingSourceObject: {fileID: 0}
  m_PrefabInstance: {fileID: 0}
  m_PrefabAsset: {fileID: 0}
  m_GameObject: {fileID: 4932389693784156981}
  m_Material: {fileID: 0}
  m_IsTrigger: 0
  m_Enabled: 1
  serializedVersion: 2
  m_Size: {x: 1.5690792, y: 0.8116271, z: 1.7449393}
  m_Center: {x: 0.59076476, y: 0.40474668, z: -0.58872426}
--- !u!54 &5839669713326272572
Rigidbody:
  m_ObjectHideFlags: 0
  m_CorrespondingSourceObject: {fileID: 0}
  m_PrefabInstance: {fileID: 0}
  m_PrefabAsset: {fileID: 0}
  m_GameObject: {fileID: 4932389693784156981}
  serializedVersion: 2
  m_Mass: 1
  m_Drag: 0
  m_AngularDrag: 0.05
  m_UseGravity: 1
  m_IsKinematic: 1
  m_Interpolate: 0
  m_Constraints: 0
  m_CollisionDetection: 0
--- !u!1001 &1351178522955336407
PrefabInstance:
  m_ObjectHideFlags: 0
  serializedVersion: 2
  m_Modification:
    m_TransformParent: {fileID: 5708469653659791759}
    m_Modifications:
    - target: {fileID: 1195705307306212944, guid: b4336d33efcc05345b97dbb69a391819,
        type: 3}
      propertyPath: m_LocalPosition.x
      value: 0.57
      objectReference: {fileID: 0}
    - target: {fileID: 1195705307306212944, guid: b4336d33efcc05345b97dbb69a391819,
        type: 3}
      propertyPath: m_LocalPosition.y
      value: 0.513
      objectReference: {fileID: 0}
    - target: {fileID: 1195705307306212944, guid: b4336d33efcc05345b97dbb69a391819,
        type: 3}
      propertyPath: m_LocalPosition.z
      value: -0.696
      objectReference: {fileID: 0}
    - target: {fileID: 1195705307306212944, guid: b4336d33efcc05345b97dbb69a391819,
        type: 3}
      propertyPath: m_LocalRotation.x
      value: 0
      objectReference: {fileID: 0}
    - target: {fileID: 1195705307306212944, guid: b4336d33efcc05345b97dbb69a391819,
        type: 3}
      propertyPath: m_LocalRotation.y
      value: 0
      objectReference: {fileID: 0}
    - target: {fileID: 1195705307306212944, guid: b4336d33efcc05345b97dbb69a391819,
        type: 3}
      propertyPath: m_LocalRotation.z
      value: 0
      objectReference: {fileID: 0}
    - target: {fileID: 1195705307306212944, guid: b4336d33efcc05345b97dbb69a391819,
        type: 3}
      propertyPath: m_LocalRotation.w
      value: 1
      objectReference: {fileID: 0}
    - target: {fileID: 1195705307306212944, guid: b4336d33efcc05345b97dbb69a391819,
        type: 3}
      propertyPath: m_RootOrder
      value: 0
      objectReference: {fileID: 0}
    - target: {fileID: 1195705307306212944, guid: b4336d33efcc05345b97dbb69a391819,
        type: 3}
      propertyPath: m_LocalEulerAnglesHint.x
      value: 0
      objectReference: {fileID: 0}
    - target: {fileID: 1195705307306212944, guid: b4336d33efcc05345b97dbb69a391819,
        type: 3}
      propertyPath: m_LocalEulerAnglesHint.y
      value: 0
      objectReference: {fileID: 0}
    - target: {fileID: 1195705307306212944, guid: b4336d33efcc05345b97dbb69a391819,
        type: 3}
      propertyPath: m_LocalEulerAnglesHint.z
      value: 0
      objectReference: {fileID: 0}
    - target: {fileID: 1195705307306212947, guid: b4336d33efcc05345b97dbb69a391819,
        type: 3}
      propertyPath: m_Name
      value: ParticleCartoonFireSmall
      objectReference: {fileID: 0}
    m_RemovedComponents: []
  m_SourcePrefab: {fileID: 100100000, guid: b4336d33efcc05345b97dbb69a391819, type: 3}
--- !u!4 &168786104653902983 stripped
Transform:
  m_CorrespondingSourceObject: {fileID: 1195705307306212944, guid: b4336d33efcc05345b97dbb69a391819,
    type: 3}
  m_PrefabInstance: {fileID: 1351178522955336407}
  m_PrefabAsset: {fileID: 0}
