%YAML 1.1
%TAG !u! tag:unity3d.com,2011:
--- !u!1 &2669335429418777580
GameObject:
  m_ObjectHideFlags: 0
  m_CorrespondingSourceObject: {fileID: 0}
  m_PrefabInstance: {fileID: 0}
  m_PrefabAsset: {fileID: 0}
  serializedVersion: 6
  m_Component:
  - component: {fileID: 3332860273541161302}
  - component: {fileID: 1868828196865158899}
  - component: {fileID: 4470840907292301881}
  - component: {fileID: 2669335429418777583}
  - component: {fileID: 2673062093373759885}
  m_Layer: 0
  m_Name: StandingTorch
  m_TagString: Stage
  m_Icon: {fileID: 0}
  m_NavMeshLayer: 0
  m_StaticEditorFlags: 4294967295
  m_IsActive: 1
--- !u!4 &3332860273541161302
Transform:
  m_ObjectHideFlags: 0
  m_CorrespondingSourceObject: {fileID: 0}
  m_PrefabInstance: {fileID: 0}
  m_PrefabAsset: {fileID: 0}
  m_GameObject: {fileID: 2669335429418777580}
  m_LocalRotation: {x: 0, y: 0, z: 0, w: 1}
  m_LocalPosition: {x: -0, y: 0, z: 0}
  m_LocalScale: {x: 0.28571427, y: 1, z: 0.28571427}
  m_Children:
  - {fileID: 5331678748689284965}
  m_Father: {fileID: 0}
  m_RootOrder: 0
  m_LocalEulerAnglesHint: {x: 0, y: 0, z: 0}
--- !u!33 &1868828196865158899
MeshFilter:
  m_ObjectHideFlags: 0
  m_CorrespondingSourceObject: {fileID: 0}
  m_PrefabInstance: {fileID: 0}
  m_PrefabAsset: {fileID: 0}
  m_GameObject: {fileID: 2669335429418777580}
  m_Mesh: {fileID: 5994241773470892034, guid: 9202b781f3188e147970b060ca4de769, type: 3}
--- !u!23 &4470840907292301881
MeshRenderer:
  m_ObjectHideFlags: 0
  m_CorrespondingSourceObject: {fileID: 0}
  m_PrefabInstance: {fileID: 0}
  m_PrefabAsset: {fileID: 0}
  m_GameObject: {fileID: 2669335429418777580}
  m_Enabled: 1
  m_CastShadows: 2
  m_ReceiveShadows: 1
  m_DynamicOccludee: 1
  m_MotionVectors: 1
  m_LightProbeUsage: 1
  m_ReflectionProbeUsage: 1
  m_RayTracingMode: 2
  m_RenderingLayerMask: 1
  m_RendererPriority: 0
  m_Materials:
  - {fileID: 2100000, guid: 257ff1fc1706c0b4aaabfc1456379206, type: 2}
  m_StaticBatchInfo:
    firstSubMesh: 0
    subMeshCount: 0
  m_StaticBatchRoot: {fileID: 0}
  m_ProbeAnchor: {fileID: 0}
  m_LightProbeVolumeOverride: {fileID: 0}
  m_ScaleInLightmap: 1
  m_ReceiveGI: 1
  m_PreserveUVs: 0
  m_IgnoreNormalsForChartDetection: 0
  m_ImportantGI: 0
  m_StitchLightmapSeams: 1
  m_SelectedEditorRenderState: 3
  m_MinimumChartSize: 4
  m_AutoUVMaxDistance: 0.5
  m_AutoUVMaxAngle: 89
  m_LightmapParameters: {fileID: 0}
  m_SortingLayerID: 0
  m_SortingLayer: 0
  m_SortingOrder: 0
--- !u!65 &2669335429418777583
BoxCollider:
  m_ObjectHideFlags: 0
  m_CorrespondingSourceObject: {fileID: 0}
  m_PrefabInstance: {fileID: 0}
  m_PrefabAsset: {fileID: 0}
  m_GameObject: {fileID: 2669335429418777580}
  m_Material: {fileID: 0}
  m_IsTrigger: 0
  m_Enabled: 1
  serializedVersion: 2
  m_Size: {x: 0.2446905, y: 3.7012098, z: 0.2183065}
  m_Center: {x: -0.040065728, y: 1.850701, z: -0.053258188}
--- !u!54 &2673062093373759885
Rigidbody:
  m_ObjectHideFlags: 0
  m_CorrespondingSourceObject: {fileID: 0}
  m_PrefabInstance: {fileID: 0}
  m_PrefabAsset: {fileID: 0}
  m_GameObject: {fileID: 2669335429418777580}
  serializedVersion: 2
  m_Mass: 1
  m_Drag: 0
  m_AngularDrag: 0.05
  m_UseGravity: 1
  m_IsKinematic: 1
  m_Interpolate: 0
  m_Constraints: 0
  m_CollisionDetection: 0
--- !u!1001 &6442982242226962741
PrefabInstance:
  m_ObjectHideFlags: 0
  serializedVersion: 2
  m_Modification:
    m_TransformParent: {fileID: 3332860273541161302}
    m_Modifications:
    - target: {fileID: 1195705306547183816, guid: 32b9c317a0676694b9b6452ee46b35bc,
        type: 3}
      propertyPath: m_LocalScale.x
      value: 0.2
      objectReference: {fileID: 0}
    - target: {fileID: 1195705306547183816, guid: 32b9c317a0676694b9b6452ee46b35bc,
        type: 3}
      propertyPath: m_LocalScale.y
      value: 0.2
      objectReference: {fileID: 0}
    - target: {fileID: 1195705306547183816, guid: 32b9c317a0676694b9b6452ee46b35bc,
        type: 3}
      propertyPath: m_LocalScale.z
      value: 0.2
      objectReference: {fileID: 0}
    - target: {fileID: 1195705307306212944, guid: 32b9c317a0676694b9b6452ee46b35bc,
        type: 3}
      propertyPath: m_LocalPosition.x
      value: -0.022
      objectReference: {fileID: 0}
    - target: {fileID: 1195705307306212944, guid: 32b9c317a0676694b9b6452ee46b35bc,
        type: 3}
      propertyPath: m_LocalPosition.y
      value: 3.609
      objectReference: {fileID: 0}
    - target: {fileID: 1195705307306212944, guid: 32b9c317a0676694b9b6452ee46b35bc,
        type: 3}
      propertyPath: m_LocalPosition.z
      value: -0.104
      objectReference: {fileID: 0}
    - target: {fileID: 1195705307306212944, guid: 32b9c317a0676694b9b6452ee46b35bc,
        type: 3}
      propertyPath: m_LocalRotation.x
      value: 0
      objectReference: {fileID: 0}
    - target: {fileID: 1195705307306212944, guid: 32b9c317a0676694b9b6452ee46b35bc,
        type: 3}
      propertyPath: m_LocalRotation.y
      value: 0
      objectReference: {fileID: 0}
    - target: {fileID: 1195705307306212944, guid: 32b9c317a0676694b9b6452ee46b35bc,
        type: 3}
      propertyPath: m_LocalRotation.z
      value: 0
      objectReference: {fileID: 0}
    - target: {fileID: 1195705307306212944, guid: 32b9c317a0676694b9b6452ee46b35bc,
        type: 3}
      propertyPath: m_LocalRotation.w
      value: 1
      objectReference: {fileID: 0}
    - target: {fileID: 1195705307306212944, guid: 32b9c317a0676694b9b6452ee46b35bc,
        type: 3}
      propertyPath: m_RootOrder
      value: 0
      objectReference: {fileID: 0}
    - target: {fileID: 1195705307306212944, guid: 32b9c317a0676694b9b6452ee46b35bc,
        type: 3}
      propertyPath: m_LocalEulerAnglesHint.x
      value: 0
      objectReference: {fileID: 0}
    - target: {fileID: 1195705307306212944, guid: 32b9c317a0676694b9b6452ee46b35bc,
        type: 3}
      propertyPath: m_LocalEulerAnglesHint.y
      value: 0
      objectReference: {fileID: 0}
    - target: {fileID: 1195705307306212944, guid: 32b9c317a0676694b9b6452ee46b35bc,
        type: 3}
      propertyPath: m_LocalEulerAnglesHint.z
      value: 0
      objectReference: {fileID: 0}
    - target: {fileID: 1195705307306212947, guid: 32b9c317a0676694b9b6452ee46b35bc,
        type: 3}
      propertyPath: m_Name
      value: ParticleCartoonFireTorch
      objectReference: {fileID: 0}
    - target: {fileID: 1949211659891906365, guid: 32b9c317a0676694b9b6452ee46b35bc,
        type: 3}
      propertyPath: m_LocalScale.x
      value: 0.2
      objectReference: {fileID: 0}
    - target: {fileID: 1949211659891906365, guid: 32b9c317a0676694b9b6452ee46b35bc,
        type: 3}
      propertyPath: m_LocalScale.y
      value: 0.2
      objectReference: {fileID: 0}
    - target: {fileID: 1949211659891906365, guid: 32b9c317a0676694b9b6452ee46b35bc,
        type: 3}
      propertyPath: m_LocalScale.z
      value: 0.2
      objectReference: {fileID: 0}
    - target: {fileID: 2668564484521249598, guid: 32b9c317a0676694b9b6452ee46b35bc,
        type: 3}
      propertyPath: m_LocalPosition.x
      value: -0.05
      objectReference: {fileID: 0}
    - target: {fileID: 2668564484521249598, guid: 32b9c317a0676694b9b6452ee46b35bc,
        type: 3}
      propertyPath: m_LocalPosition.y
      value: 0.89
      objectReference: {fileID: 0}
    - target: {fileID: 5681210995737498924, guid: 32b9c317a0676694b9b6452ee46b35bc,
        type: 3}
      propertyPath: m_LocalScale.x
      value: 0.2
      objectReference: {fileID: 0}
    - target: {fileID: 5681210995737498924, guid: 32b9c317a0676694b9b6452ee46b35bc,
        type: 3}
      propertyPath: m_LocalScale.y
      value: 0.2
      objectReference: {fileID: 0}
    - target: {fileID: 5681210995737498924, guid: 32b9c317a0676694b9b6452ee46b35bc,
        type: 3}
      propertyPath: m_LocalScale.z
      value: 0.2
      objectReference: {fileID: 0}
    - target: {fileID: 7342764416844375394, guid: 32b9c317a0676694b9b6452ee46b35bc,
        type: 3}
      propertyPath: m_Intensity
      value: 7
      objectReference: {fileID: 0}
    - target: {fileID: 7342764416844375394, guid: 32b9c317a0676694b9b6452ee46b35bc,
        type: 3}
      propertyPath: m_Range
      value: 50
      objectReference: {fileID: 0}
    - target: {fileID: 7860631559332594421, guid: 32b9c317a0676694b9b6452ee46b35bc,
        type: 3}
      propertyPath: m_LocalScale.x
      value: 0.2
      objectReference: {fileID: 0}
    - target: {fileID: 7860631559332594421, guid: 32b9c317a0676694b9b6452ee46b35bc,
        type: 3}
      propertyPath: m_LocalScale.y
      value: 0.2
      objectReference: {fileID: 0}
    - target: {fileID: 7860631559332594421, guid: 32b9c317a0676694b9b6452ee46b35bc,
        type: 3}
      propertyPath: m_LocalScale.z
      value: 0.2
      objectReference: {fileID: 0}
    m_RemovedComponents: []
  m_SourcePrefab: {fileID: 100100000, guid: 32b9c317a0676694b9b6452ee46b35bc, type: 3}
--- !u!4 &5331678748689284965 stripped
Transform:
  m_CorrespondingSourceObject: {fileID: 1195705307306212944, guid: 32b9c317a0676694b9b6452ee46b35bc,
    type: 3}
  m_PrefabInstance: {fileID: 6442982242226962741}
  m_PrefabAsset: {fileID: 0}
